@article{Alzheimerfactsfigures,
	author = "Alzheimer's Association",
	title = "Alzheimer Disease Facts and Figures",
	booktitle = "Speech and Language Processing",
	year = "2021",
	language = "english",
	hyphenation = "english",
	howpublished = "\url{https://www.alz.org/media/documents/alzheimers-facts-and-figures.pdf}"
}

@article{actavis,
	author = "Doc dr Branimir Radmanović Klinika za psihijatriju Klinički centar Kragujevac",
	title = "Upozoravajući ili znaci prepoznavanja (alchajmerove) demencije",
	year = "2020",
	language = "serbian",
	hyphenation = "serbian",
	howpublished = "\url{https://www.actavis.rs/terapeutske-oblasti/neurologija/article-pages/upozoravajui-ili-znaci-ranog-prepoznavanja-alchajmerove-demencije/}"
}

@misc{seracell,
	title = "Alchajmerova bolest – simptomi, testiranje i lečenje",
	language = "serbian",
	hyphenation = "serbian",
	howpublished = "\url{https://www.seracell.rs/alchajmerova-bolest-lecenje/}"
}

@misc{medicor,
	title = "ALCHAJMEROVA BOLEST",
	language = "serbian",
	hyphenation = "serbian",
	url="https://medicor.rs/alchajmerova-bolest/",
	howpublished = "\url{https://medicor.rs/alchajmerova-bolest/}"
}

@article{Languageimpairment,
	author = "Alzheimer's Disease International",
	title = "Dementia Statistics",
	year = "2020",
	language = "english",
	hyphenation = "english",
	howpublished = "\url{https://www.alzint.org/about/dementia-facts-figures/dementia-statistics/}"
}

@article{worldalzheimerreport,
	author = "Alzheimer's Disease International",
	title = "World Alzheimer Report - The benefits of early diagnosis and intervention",
	year = "2011",
	language = "english",
	hyphenation = "english",
	howpublished = "\url{https://www.alzint.org/resource/world-alzheimer-report-2011/}"
}

@article{automaticdetandrat,
	author = "Calvin Thomas, Vlado Kešelj and Nick Cercone, Kenneth Rockwood, Elissa Asp",
	title = "Automatic Detection and Rating of Demetia of Alzheimer Type through Lexical Analysis of Spontaneous Speech",
	language = "english",
	hyphenation = "english"
}

@article{tagger,
	author = "Ranka Stanković,  Branislava Šandrih,  Cvetana Krstev, Miloš Utvić, Mihailo Škorić",
	title = "Machine Learning and Deep Neural Network-Based Lemmatization and Morphosyntactic Tagging for Serbian",
	language = "english",
	hyphenation = "english"
	howpublished = "\url{https://www.researchgate.net/profile/Ranka-Stankovic/publication/		341574872_Machine_Learning_and_Deep_Neural_Network-Based_Lemmatization_and_Morphosyntactic_Tagging_for_Serbian/links/5ec7c816458515626cbfd41b/Machine-Learning-and-Deep-Neural-Network-Based-Lemmatization-and-Morphosyntactic-Tagging-for-Serbian.pdf}"
}

@article{Evaloftechfolexicalperformance,
	author = "R.S. Bucks, S. Singh, J. M. Cuerden and G.K. Wilcock",
	title = "Analysis of spontaneous, conversational speech in dementia of Alzheimer type: Evaluation of an objective technique for analysing lexical performance",
	language = "english",
	hyphenation = "english"
}

@mastersthesis{MarijaMR,
	author = "Marija Radovic",
	title = "Klasifikacija teksta prema sentimentu primenom metoda mašinskog učenja",
	language = "serbian",
	hyphenation = "serbian"
}

@article{linguisticfeatures,
	author = "Kathleen C. Fraser, Jed A. Meltzer and Frank Rudzicz",
	title = "Linguistic feature Identify Alzheimer's Disease in Narrative Speech",
	language = "english",
	hyphenation = "english"
}

@article{postagging,
	author = "Daniel Jurafsky and James H. Martin",
	title = "Sequence Labeling for Parts of Speech and Named Entities",
	booktitle = "Speech and Language Processing",
	year = "2020",
	language = "english",
	hyphenation = "english"
}
